Quarter,Revenue,Profit,Customer Acquisition,Customer Retention,Market Share,Employee Count,R&D Investment,Marketing Spend
Q1 2023,450000,85000,120,92,15.2,45,25000,35000
Q2 2023,520000,98000,140,94,16.1,48,30000,40000
Q3 2023,580000,110000,160,95,17.3,52,35000,45000
Q4 2023,620000,125000,180,96,18.5,55,40000,50000
Q1 2024,680000,140000,200,97,19.8,58,45000,55000
Q2 2024,750000,155000,220,98,21.2,62,50000,60000
Q3 2024,820000,170000,240,98,22.7,65,55000,65000
Q4 2024,890000,185000,260,99,24.1,68,60000,70000
